




@article{doi:10.1287/opre.5.4.518,
author = {James R. Jackson},
title = {Networks of Waiting Lines},
journal = {Operations Research},
volume = {5},
number = {4},
pages = {518-521},
year = {1957},
doi = {10.1287/opre.5.4.518},

URL = { 
        http://dx.doi.org/10.1287/opre.5.4.518
    
},
eprint = { 
        http://dx.doi.org/10.1287/opre.5.4.518
    
}

}


